<?xml version="1.0" encoding="UTF-8"?><collection><record><leader>05648ntm a2200517 a 4500</leader><controlfield tag="001">006786635</controlfield><controlfield tag="003">MiAaHDL</controlfield><controlfield tag="005">20190719000000.0</controlfield><controlfield tag="006">m        d        </controlfield><controlfield tag="007">cr bn ---auaua</controlfield><controlfield tag="008">090520q17401760xx            00| ||ara d</controlfield><datafield tag="035" ind1=" " ind2=" "><subfield code="a">(MiU)006786635</subfield></datafield><datafield tag="035" ind1=" " ind2=" "><subfield code="a">sdr-miu006786635</subfield></datafield><datafield tag="040" ind1=" " ind2=" "><subfield code="a">MiU</subfield><subfield code="c">MiU</subfield><subfield code="e">amremm</subfield></datafield><datafield tag="043" ind1=" " ind2=" "><subfield code="a">n-us-mi</subfield></datafield><datafield tag="100" ind1="1" ind2=" "><subfield code="6">880-01</subfield><subfield code="a">Ibn al-Ṭayyib al-Sharaqī, Muḥammad,</subfield><subfield code="d">1699-1761.</subfield></datafield><datafield tag="245" ind1="1" ind2="0"><subfield code="6">880-03</subfield><subfield code="a">Sharḥ Ḥizb al-Nawawī,</subfield><subfield code="f">[mid 18th century?].</subfield></datafield><datafield tag="260" ind1=" " ind2=" "><subfield code="c">[1740-1760?].</subfield></datafield><datafield tag="300" ind1=" " ind2=" "><subfield code="a">69 leaves :</subfield><subfield code="b">paper ;</subfield><subfield code="c">198 x 126 (116 x 64) mm.</subfield></datafield><datafield tag="500" ind1=" " ind2=" "><subfield code="a">Shelfmark: Ann Arbor, University of Michigan, Special Collections Library, Isl. Ms. 533</subfield></datafield><datafield tag="500" ind1=" " ind2=" "><subfield code="a">Origin: As appears in colophon on p.141, composition completed by the author, Muḥammad ibn al-Ṭayyib ibn Muḥammad al-Fāsī al-Madanī, 9 Ṣafar 1152 [ca. 18 May 1739] in his house in Medina under al-Minārah al-Sulaymānīyah of the Prophet's mosque (المسجد النبوي). Date of transcription for this copy not specified, though paper, etc. suggests mid 18th century, possibly ca. 1743.</subfield></datafield><datafield tag="500" ind1=" " ind2=" "><subfield code="a">Accompanying materials: a. Acquisitions slip from Yahuda (pp.1-2) -- b. Inventory cataloguing slip in hand of Winifred Smeaton Thomas (pp.3-4).</subfield></datafield><datafield tag="500" ind1=" " ind2=" "><subfield code="a">Former shelfmark: From interior of upper cover and label on lower cover "IL 190" (likely supplied by Yahuda, see acquisitions slip).</subfield></datafield><datafield tag="500" ind1=" " ind2=" "><subfield code="a">Binding: Pasteboards (quite thin, semi-limp) covered in red leather ; Type III binding (without flap) ; board linings in untinted laid paper ; upper and lower covers carry tooled border in gold ; sewn in yellow thread, two stations ; sewn in light yellow thread, two stations ; only primaries (in light pink) remain of endbands ; overall in fair condition with staining, abrasion, etc.</subfield></datafield><datafield tag="500" ind1=" " ind2=" "><subfield code="a">Support: European laid paper mainly with 10 laid lines per cm. (vertical), chain lines spaced 23 mm. apart (horizontal), and watermarks including wreath with vase [?] (see p.8, etc.), crown and grapes (see p.35), and "FIN DE P CARTELIER A PERU ... 1743 [?]" ; another type with 12 laid lines per cm. (vertical), chain lines spaced 23 mm. apart (horizontal), and watermark of grapes (raisin) with cartouche and crown above (see p.132, 134, 135, 137, etc.) ; beige in color, thin and transluscent though quite sturdy, well-burnished to glossy.</subfield></datafield><datafield tag="500" ind1=" " ind2=" "><subfield code="a">Decoration: Keywords and section headings rubricated ; textual dividers in the form of red inverted commas ; written area of incipit and facing page surrounded by gold rule-border, elsewhere surrounded by red rule-border.</subfield></datafield><datafield tag="500" ind1=" " ind2=" "><subfield code="a">Script: Naskh ; elegant 'Syrian' or Turkish hand ; mainly seriffed with right-sloping head-serifs on most ascender letters (including free-standing alif), slight effect of tilt to the left, curvilinear descenders, pointing in strokes (or conjoined dots) rather than distinct dots, etc.</subfield></datafield><datafield tag="500" ind1=" " ind2=" "><subfield code="a">Layout: Written in 15 lines per page ; frame-ruled.</subfield></datafield><datafield tag="500" ind1=" " ind2=" "><subfield code="a">Collation: 6 V(60), IV+1 (69) ; almost exclusively quinions ; catchwords present ; pagination in pencil, Western numerals, supplied during digitization (includes inserts).</subfield></datafield><datafield tag="500" ind1=" " ind2=" "><subfield code="a">Colophon: "Authorial," triangular, reads "قال مؤلفه عبد الله تعالى الفقير الى عفوه ومغفرته محمد بن الطيب بن محمد الفاسي ثم المدني كان الله له وجعله ممن لولائه اهله وافق الفراغ منه ضحوة الاثنين التاسع من صفر الخير عام اثنين وخمسين ومائة والف بمنزلي بالمدينة المنورة تحت المنارة السليمانية من المسجد النبوي الشريف صلى الله وسلم على مشرفه وعلى اله وصحبه انتهى بحمد الله ..."</subfield></datafield><datafield tag="500" ind1=" " ind2=" "><subfield code="a">Explicit: "فمن زحزح عن النار وادخل الجنة فقد فاز بالنصير وجاء الفتح"</subfield></datafield><datafield tag="500" ind1=" " ind2=" "><subfield code="a">Incipit: "يا من احزابه لم تزل مؤيدة على الاعداء منصورة ... وبعد فقد سألني بعض نجباء الاصحاب المولعين بقرأة الاحزاب ان اقيد على حزب الامام الكبير العارف بالله تعالى محيي الدين ابي زكريا يحيى ابن شرف النووي ... ما يكون لحفاظه كالشرح لالفاظه ..."</subfield></datafield><datafield tag="500" ind1=" " ind2=" "><subfield code="a">Title from inscription on 'title page' (p.5).</subfield></datafield><datafield tag="500" ind1=" " ind2=" "><subfield code="a">Ms. codex.</subfield></datafield><datafield tag="510" ind1="4" ind2=" "><subfield code="a">Brockelmann, C. GAL,</subfield><subfield code="c">I 397 (no. XXII) ; S I 685 (XXII. cmt. no.4) ; S II 522</subfield></datafield><datafield tag="520" ind1="8" ind2=" "><subfield code="a">Elegant copy of a commentary by Muḥammad ibn al-Ṭayyib ibn Muḥammad al-Fāsī (d.1756) on the Ḥizb (liturgy, prayers) of Abū Zakarīyā Yaḥyá ibn Sharaf al-Nawawī (d. 1277), followed by a condensed version of the Ḥizb (p.142).</subfield></datafield><datafield tag="538" ind1=" " ind2=" "><subfield code="a">Mode of access: Internet.</subfield></datafield><datafield tag="541" ind1=" " ind2=" "><subfield code="a">Acquired in 1926 from the bookseller Isaac Benjamin S.E. Yahuda via purchase transacted on his behalf by Abraham Shalom Yahuda (1877-1951), his younger brother.</subfield></datafield><datafield tag="546" ind1=" " ind2=" "><subfield code="a">Arabic.</subfield></datafield><datafield tag="561" ind1=" " ind2=" "><subfield code="a">Relatively clean copy with only a few marginal corrections ; possible former inventory mark with excerpt on 'title page' (p.5).</subfield></datafield><datafield tag="600" ind1="0" ind2="0"><subfield code="a">Nawawī,</subfield><subfield code="d">1233-1277.</subfield><subfield code="t">Ḥizb.</subfield></datafield><datafield tag="650" ind1=" " ind2="0"><subfield code="a">Manuscripts, Arabic</subfield><subfield code="z">Michigan</subfield><subfield code="z">Ann Arbor.</subfield></datafield><datafield tag="650" ind1=" " ind2="0"><subfield code="a">Islam</subfield><subfield code="v">Prayers and devotions</subfield><subfield code="v">Early works to 1800.</subfield></datafield><datafield tag="773" ind1="0" ind2=" "><subfield code="a">Yahuda Collection.</subfield></datafield><datafield tag="880" ind1="1" ind2="0"><subfield code="6">245-03/</subfield><subfield code="a">شرح حزب النووي,</subfield><subfield code="f">[اواسط القرن 18م].</subfield></datafield><datafield tag="880" ind1="1" ind2=" "><subfield code="6">100-01/</subfield><subfield code="a">فاسي، محمد بن الطيب.</subfield></datafield><datafield tag="CID" ind1=" " ind2=" "><subfield code="a">006786635</subfield></datafield><datafield tag="DAT" ind1="0" ind2=" "><subfield code="a">20190719102635.0</subfield><subfield code="b">20190719000000.0</subfield></datafield><datafield tag="DAT" ind1="1" ind2=" "><subfield code="a">20190719090653.0</subfield><subfield code="b">2019-07-19T16:11:29Z</subfield></datafield><datafield tag="DAT" ind1="2" ind2=" "><subfield code="a">2015-10-02T18:00:03Z</subfield></datafield><datafield tag="CAT" ind1=" " ind2=" "><subfield code="a">SDR-MIU</subfield><subfield code="d">EX LIBRIS - ALEPH</subfield><subfield code="l">prepare.pl-004-008</subfield></datafield><datafield tag="FMT" ind1=" " ind2=" "><subfield code="a">BK</subfield></datafield><datafield tag="HOL" ind1=" " ind2=" "><subfield code="0">sdr-miu006786635</subfield><subfield code="a">MiU</subfield><subfield code="b">SDR</subfield><subfield code="c">MIU</subfield><subfield code="p">mdp.39015079126408</subfield><subfield code="s">MIU</subfield><subfield code="1">006786635</subfield></datafield><datafield tag="974" ind1=" " ind2=" "><subfield code="b">MIU</subfield><subfield code="c">MIU</subfield><subfield code="d">20190719</subfield><subfield code="s">lit-dlps-dc</subfield><subfield code="u">mdp.39015079126408</subfield><subfield code="y">1760</subfield><subfield code="r">pd</subfield><subfield code="q">bib</subfield><subfield code="t">non-US bib date2 &lt; 1879</subfield></datafield></record></collection>